@misc{BlockChain,
author={S. Nakamoto},
title={A peer-to-peer electronic cash system},
year={2008},
}

@misc{Bitcoin,
author={S. Nakamoto},
title={Bitcoin: A Peer-to-Peer Electronic Cash System},
year={2009},
}

@misc{Trends,
author={Google},
title={https://trends.google.com/trends/explore?date=all\&geo=US\&q=bitcoin,Etherium,Litecoin},
year={2019},
}

@misc{Integrity,
author={E.B. Fernandez, R.C. Summers, and C. Wood},
title={Database Security and Integrity},
year={1981},
}

@misc{Double,
author={Jaap-Henk Hoepman},
title={Distributed Double Spending Prevention},
year={2008},
}